@article{liu2018runtime,
  title={Runtime Concurrency Control and Operation Scheduling for High Performance Neural Network Training},
  author={Liu, Jiawen and Li, Dong and Kestor, Gokcen and Vetter, Jeffrey},
  journal={arXiv preprint arXiv:1810.08955},
  year={2018}
}
@inproceedings{grubel2015performance,
  title={The performance implication of task size for applications on the hpx runtime system},
  author={Grubel, Patricia and Kaiser, Hartmut and Cook, Jeanine and Serio, Adrian},
  booktitle={2015 IEEE International Conference on Cluster Computing},
  pages={682--689},
  year={2015},
  organization={IEEE}
}
@inproceedings{ipek2005approach,
  title={An approach to performance prediction for parallel applications},
  author={Ipek, Engin and De Supinski, Bronis R and Schulz, Martin and McKee, Sally A},
  booktitle={European Conference on Parallel Processing},
  pages={196--205},
  year={2005},
  organization={Springer}
}
@inproceedings{sun2017automated,
  title={Automated performance modeling based on runtime feature detection and machine learning},
  author={Sun, Jingwei and Zhan, Shiyan and Sun, Guangzhong and Chen, Yong},
  booktitle={2017 IEEE International Symposium on Parallel and Distributed Processing with Applications and 2017 IEEE International Conference on Ubiquitous Computing and Communications (ISPA/IUCC)},
  pages={744--751},
  year={2017},
  organization={IEEE}
}
@inproceedings{qawasmeh2015adaptive,
  title={Adaptive OpenMP task scheduling using runtime APIs and machine learning},
  author={Qawasmeh, Ahmad and Malik, Abid M and Chapman, Barbara M},
  booktitle={2015 IEEE 14th International Conference on Machine Learning and Applications (ICMLA)},
  pages={889--895},
  year={2015},
  organization={IEEE}
}
@inproceedings{li2009machine,
  title={Machine learning based online performance prediction for runtime parallelization and task scheduling},
  author={Li, Jiangtian and Ma, Xiaosong and Singh, Karan and Schulz, Martin and de Supinski, Bronis R and McKee, Sally A},
  booktitle={2009 IEEE International Symposium on Performance Analysis of Systems and Software},
  pages={89--100},
  year={2009},
  organization={IEEE}
}
@inproceedings{khatami2017hpx,
  title={HPX Smart Executors},
  author={Khatami, Zahra and Troska, Lukas and Kaiser, Hartmut and Ramanujam, J and Serio, Adrian},
  booktitle={Proceedings of the Third International Workshop on Extreme Scale Programming Models and Middleware},
  pages={3},
  year={2017},
  organization={ACM}
}
@inproceedings{ciorba2018openmp,
  title={OpenMP loop scheduling revisited: making a case for more schedules},
  author={Ciorba, Florina M and Iwainsky, Christian and Buder, Patrick},
  booktitle={International Workshop on OpenMP},
  pages={21--36},
  year={2018},
  organization={Springer}
}
@article{liu1994safe,
  title={Safe self-scheduling: a parallel loop scheduling scheme for shared-memory multiprocessors},
  author={Liu, Jie and Saletore, Vikram A and Lewis, Ted G},
  journal={International Journal of Parallel Programming},
  volume={22},
  number={6},
  pages={589--616},
  year={1994},
  publisher={Springer}
}
@inproceedings{kaiser2014hpx,
  title={Hpx: A task based programming model in a global address space},
  author={Kaiser, Hartmut and Heller, Thomas and Adelstein-Lelbach, Bryce and Serio, Adrian and Fey, Dietmar},
  booktitle={Proceedings of the 8th International Conference on Partitioned Global Address Space Programming Models},
  pages={6},
  year={2014},
  organization={ACM}
}
@inproceedings{pusukuri2011thread,
	title={Thread reinforcer: Dynamically determining number of threads via os level monitoring},
	author={Pusukuri, Kishore Kumar and Gupta, Rajiv and Bhuyan, Laxmi N},
	booktitle={2011 IEEE International Symposium on Workload Characterization (IISWC)},
	pages={116--125},
	year={2011},
	organization={IEEE}
}
@inproceedings{marin2004cross,
	title={Cross-architecture performance predictions for scientific applications using parameterized models},
	author={Marin, Gabriel and Mellor-Crummey, John},
	booktitle={ACM SIGMETRICS Performance Evaluation Review},
	volume={32},
	number={1},
	pages={2--13},
	year={2004},
	organization={ACM}
}
@inproceedings{tang1986processor,
	title={Processor Self-Scheduling for Multiple-Nested Parallel Loops.},
	author={Tang, Peiyi and Yew, Pen-Chung},
	booktitle={ICPP},
	volume={86},
	pages={528--535},
	year={1986}
}
@article{polychronopoulos1987guided,
	title={Guided self-scheduling: A practical scheduling scheme for parallel supercomputers},
	author={Polychronopoulos, Constantine D and Kuck, David J},
	journal={Ieee transactions on computers},
	volume={100},
	number={12},
	pages={1425--1439},
	year={1987},
	publisher={IEEE}
}
@article{hummel1992factoring,
	title={Factoring: A method for scheduling parallel loops},
	author={Hummel, Susan Flynn and Schonberg, Edith and Flynn, Lawrence E},
	journal={Communications of the ACM},
	volume={35},
	number={8},
	pages={90--102},
	year={1992},
	publisher={Association for Computing Machinery, Inc.}
}
@article{kruskal1985allocating,
	title={Allocating independent subtasks on parallel processors},
	author={Kruskal, Clyde P. and Weiss, Alan},
	journal={IEEE Transactions on Software engineering},
	number={10},
	pages={1001--1016},
	year={1985},
	publisher={IEEE}
}
@inproceedings{cammarota2012just,
	title={Just in time load balancing},
	author={Cammarota, Rosario and Nicolau, Alexandru and Veidenbaum, Alexander V},
	booktitle={International Workshop on Languages and Compilers for Parallel Computing},
	pages={1--16},
	year={2012},
	organization={Springer}
}
@inproceedings{zhang2005runtime,
	title={Runtime empirical selection of loop schedulers on hyperthreaded smps},
	author={Zhang, Yun and Voss, Michael and Rogers, ES},
	booktitle={19th IEEE International Parallel and Distributed Processing Symposium},
	pages={10--pp},
	year={2005},
	organization={IEEE}
}
@inproceedings{thoman2012automatic,
	title={Automatic OpenMP loop scheduling: a combined compiler and runtime approach},
	author={Thoman, Peter and Jordan, Herbert and Pellegrini, Simone and Fahringer, Thomas},
	booktitle={International Workshop on OpenMP},
	pages={88--101},
	year={2012},
	organization={Springer}
}
@inproceedings{treibig2012performance,
	title={Performance patterns and hardware metrics on modern multicore processors: Best practices for performance engineering},
	author={Treibig, Jan and Hager, Georg and Wellein, Gerhard},
	booktitle={European Conference on Parallel Processing},
	pages={451--460},
	year={2012},
	organization={Springer}
}
@article{singh2009real,
	title={Real time power estimation and thread scheduling via performance counters},
	author={Singh, Karan and Bhadauria, Major and McKee, Sally A},
	journal={ACM SIGARCH Computer Architecture News},
	volume={37},
	number={2},
	pages={46--55},
	year={2009},
	publisher={ACM}
}
@article{zomaya2001observations,
	title={Observations on using genetic algorithms for dynamic load-balancing},
	author={Zomaya, Albert Y. and Teh, Yee-Hwei},
	journal={IEEE transactions on parallel and distributed systems},
	volume={12},
	number={9},
	pages={899--911},
	year={2001},
	publisher={IEEE}
}

@article{singh2007predicting,
	title={Predicting parallel application performance via machine learning approaches},
	author={Singh, Karan and {\.I}pek, Engin and McKee, Sally A and de Supinski, Bronis R and Schulz, Martin and Caruana, Rich},
	journal={Concurrency and Computation: Practice and Experience},
	volume={19},
	number={17},
	pages={2219--2235},
	year={2007},
	publisher={Wiley Online Library}
}

@inproceedings{falgout2002hypre,
	title={hypre: A library of high performance preconditioners},
	author={Falgout, Robert D and Yang, Ulrike Meier},
	booktitle={International Conference on Computational Science},
	pages={632--641},
	year={2002},
	organization={Springer}
}

@article{petitet2004hpl,
	title={HPL-a portable implementation of the high-performance Linpack benchmark for distributed-memory computers},
	author={Petitet, Antoine},
	journal={http://www. netlib. org/benchmark/hpl/},
	year={2004}
}
@inproceedings{malakar2018benchmarking,
	title={Benchmarking Machine Learning Methods for Performance Modeling of Scientific Applications},
	author={Malakar, Preeti and Balaprakash, Prasanna and Vishwanath, Venkatram and Morozov, Vitali and Kumaran, Kalyan},
	booktitle={2018 IEEE/ACM Performance Modeling, Benchmarking and Simulation of High Performance Computer Systems (PMBS)},
	pages={33--44},
	year={2018},
	organization={IEEE}
}
@inproceedings{lee2007methods,
	title={Methods of inference and learning for performance modeling of parallel applications},
	author={Lee, Benjamin C and Brooks, David M and de Supinski, Bronis R and Schulz, Martin and Singh, Karan and McKee, Sally A},
	booktitle={Proceedings of the 12th ACM SIGPLAN symposium on Principles and practice of parallel programming},
	pages={249--258},
	year={2007},
	organization={ACM}
}

@inproceedings{pllana2007performance,
	title={Performance modeling and prediction of parallel and distributed computing systems: A survey of the state of the art},
	author={Pllana, Sabri and Brandic, Ivona and Benkner, Siegfried},
	booktitle={First International Conference on Complex, Intelligent and Software Intensive Systems (CISIS'07)},
	pages={279--284},
	year={2007},
	organization={IEEE}
}

@inproceedings{wu2013mummi,
	title={Mummi: multiple metrics modeling infrastructure},
	author={Wu, Xingfu and Lively, Charles and Taylor, Valerie and Chang, Hung-Ching and Su, Chun-Yi and Cameron, Kirk and Moore, Shirley and Terpstra, Dan and Weaver, Vince},
	booktitle={2013 14th ACIS International Conference on Software Engineering, Artificial Intelligence, Networking and Parallel/Distributed Computing},
	pages={289--295},
	year={2013},
	organization={IEEE}
}

@inproceedings{blagojevic2008modeling,
	title={Modeling multigrain parallelism on heterogeneous multi-core processors: a case study of the cell BE},
	author={Blagojevic, Filip and Feng, Xizhou and Cameron, Kirk W and Nikolopoulos, Dimitrios S},
	booktitle={International Conference on High-Performance Embedded Architectures and Compilers},
	pages={38--52},
	year={2008},
	organization={Springer}
}

@article{valiant1990bridging,
	title={A bridging model for parallel computation},
	author={Valiant, Leslie G},
	journal={Communications of the ACM},
	volume={33},
	number={8},
	pages={103--111},
	year={1990},
	publisher={ACM}
}

@inproceedings{kerbyson2001predictive,
	title={Predictive performance and scalability modeling of a large-scale application},
	author={Kerbyson, Darren J and Alme, Henry J and Hoisie, Adolfy and Petrini, Fabrizio and Wasserman, Harvey J and Gittings, Mike},
	booktitle={SC'01: Proceedings of the 2001 ACM/IEEE Conference on Supercomputing},
	pages={39--39},
	year={2001},
	organization={IEEE}
}

@phdthesis{philip1995increasing,
	title={Increasing chunk size loop scheduling algorithms for data independent loops},
	author={Philip, Teebu},
	year={1995},
	school={Citeseer}
}

@article{tzen1993trapezoid,
	title={Trapezoid self-scheduling: A practical scheduling scheme for parallel compilers},
	author={Tzen, Ten H and Ni, Lionel M},
	journal={IEEE Transactions on parallel and distributed systems},
	volume={4},
	number={1},
	pages={87--98},
	year={1993},
	publisher={IEEE}
}

@inproceedings{wang2009mapping,
	title={Mapping parallelism to multi-cores: a machine learning based approach},
	author={Wang, Zheng and O'Boyle, Michael FP},
	booktitle={ACM Sigplan notices},
	volume={44},
	number={4},
	pages={75--84},
	year={2009},
	organization={ACM}
}

@article{veldhuizen1995expression,
	title={Expression templates},
	author={Veldhuizen, Todd},
	journal={C++ Report},
	volume={7},
	number={5},
	pages={26--31},
	year={1995}
}

@article{iglberger2012expression,
	title={Expression templates revisited: a performance analysis of current methodologies},
	author={Iglberger, Klaus and Hager, Georg and Treibig, Jan and R{\"u}de, Ulrich},
	journal={SIAM Journal on Scientific Computing},
	volume={34},
	number={2},
	pages={C42--C69},
	year={2012},
	publisher={SIAM}
}

@misc{MTL, title={{MTL4 Library}}, howpublished={\url{http://www.simunova.com/de/mtl4}}}

@misc{Blitz, title={{Blitz++ Library}}, howpublished={\url{http://www.oonumerics.org/blitz/}}}

@misc{ublas,
	title={The boost uBLAS library},
	author={Walter, J{\"o}rg and Koch, Mathias},
	year={2002},
	publisher={Boost}
}

@misc{Boost, title={{Boost C++ Framework}}, howpublished={\url{https://www.boost.org}}}

@misc{MKL, title={{Intel Math Kernel Library}}, howpublished={\url{https://software.intel.com/en-us/mkl}}}

@misc{GMM++, title={{Gmm++ Library}}, howpublished={\url{http://getfem.org/gmm/}}}
@misc{Eigen, title={{Eigen Library}}, howpublished={\url{http://eigen.tuxfamily.org/}}}
@misc{ATLAS, title={{Automatically Tuned Linear Algebra Software}}, howpublished={\url{http://math-atlas.sourceforge.net/}}}
@misc{gotoblas, title={{GotoBLAS2}}, howpublished={\url{https://www.tacc.utexas.edu/research-development/tacc-software/gotoblas2}}}

@article{sanderson2016armadillo,
	title={Armadillo: a template-based C++ library for linear algebra},
	author={Sanderson, Conrad and Curtin, Ryan},
	journal={Journal of Open Source Software},
	volume={1},
	number={2},
	pages={26},
	year={2016},
	publisher={Journal of Open Source Software}
}

@article{guennebaud2010eigen,
	title={Eigen},
	author={Guennebaud, Ga{\"e}l and Jacob, Benoit and others},
	journal={URl: http://eigen. tuxfamily. org},
	year={2010}
}

@inproceedings{kaiser2009parallex,
	title={Parallex an advanced parallel execution model for scaling-impaired applications},
	author={Kaiser, Hartmut and Brodowicz, Maciek and Sterling, Thomas},
	booktitle={2009 International Conference on Parallel Processing Workshops},
	pages={394--401},
	year={2009},
	organization={IEEE}
}

@inproceedings{donfack2012hybrid,
	title={Hybrid static/dynamic scheduling for already optimized dense matrix factorization},
	author={Donfack, Simplice and Grigori, Laura and Gropp, William D and Kale, Vivek},
	booktitle={2012 IEEE 26th International Parallel and Distributed Processing Symposium},
	pages={496--507},
	year={2012},
	organization={IEEE}
}

@inproceedings{xue2007locality,
	title={Locality-aware distributed loop scheduling for chip multiprocessors},
	author={Xue, Liping and Kandemir, M and Chen, Guilin and Li, Feihui and Ozturk, Ozcan and Ramanarayanan, Rajaraman and Vaidyanathan, Balaji},
	booktitle={20th International Conference on VLSI Design held jointly with 6th International Conference on Embedded Systems (VLSID'07)},
	pages={251--258},
	year={2007},
	organization={IEEE}
}

@article{lilja1994exploiting,
	title={Exploiting the parallelism available in loops},
	author={Lilja, David J},
	journal={Computer},
	volume={27},
	number={2},
	pages={13--26},
	year={1994},
	publisher={IEEE}
}

@inproceedings{amdahl1967validity,
	title={Validity of the single processor approach to achieving large scale computing capabilities},
	author={Amdahl, Gene M},
	booktitle={Proceedings of the April 18-20, 1967, spring joint computer conference},
	pages={483--485},
	year={1967},
	organization={ACM}
}

@book{gunther2007guerrilla,
	title={What is guerrilla capacity planning?},
	author={Gunther, Neil J},
	year={2007},
	publisher={Springer}
}

@article{gunther2011new,
	title={A New Interpretation of Amdahl’s Law and Geometric Scaling},
	author={Gunther, Neil J},
	journal={arXiv preprint cs/0210017},
	year={2011},
	publisher={Citeseer}
}

@article{gunther2000practical,
	title={The Practical Performance Analyst. iUniverse. com Inc},
	author={Gunther, Neil J},
	journal={Lincoln, Nebraska},
	year={2000}
}

@article{gunther2002new,
	title={A new interpretation of amdahl's law and geometric scalability},
	author={Gunther, Neil J},
	journal={arXiv preprint cs/0210017},
	year={2002}
}

@article{kulkarni2019comparative,
	title={A Comparative Study of Asynchronous Many-Tasking Runtimes: Cilk, Charm++, ParalleX and AM++},
	author={Kulkarni, Abhishek and Lumsdaine, Andrew},
	journal={arXiv preprint arXiv:1904.00518},
	year={2019}
}

@inproceedings{gao2007parallex,
	title={Parallex: A study of a new parallel computation model},
	author={Gao, Guang R and Sterling, Thomas and Stevens, Rick and Hereld, Mark and Zhu, Weirong},
	booktitle={2007 IEEE International Parallel and Distributed Processing Symposium},
	pages={1--6},
	year={2007},
	organization={IEEE}
}

@inproceedings{kale1993charm++,
	title={CHARM++: a portable concurrent object oriented system based on C++},
	author={Kale, Laxmikant V and Krishnan, Sanjeev},
	booktitle={OOPSLA},
	volume={93},
	pages={91--108},
	year={1993},
	organization={Citeseer}
}

@article{blumofe1996cilk,
	title={Cilk: An efficient multithreaded runtime system},
	author={Blumofe, Robert D and Joerg, Christopher F and Kuszmaul, Bradley C and Leiserson, Charles E and Randall, Keith H and Zhou, Yuli},
	journal={Journal of parallel and distributed computing},
	volume={37},
	number={1},
	pages={55--69},
	year={1996},
	publisher={Elsevier}
}

@inproceedings{willcock2010am++,
	title={AM++: A generalized active message framework},
	author={Willcock, Jeremiah James and Hoefler, Torsten and Edmonds, Nicholas Gerard and Lumsdaine, Andrew},
	booktitle={Proceedings of the 19th international conference on Parallel architectures and compilation techniques},
	pages={401--410},
	year={2010},
	organization={ACM}
}

@inproceedings{bauer2012legion,
	title={Legion: Expressing locality and independence with logical regions},
	author={Bauer, Michael and Treichler, Sean and Slaughter, Elliott and Aiken, Alex},
	booktitle={SC'12: Proceedings of the International Conference on High Performance Computing, Networking, Storage and Analysis},
	pages={1--11},
	year={2012},
	organization={IEEE}
}

@article{blumofe1999scheduling,
	title={Scheduling multithreaded computations by work stealing},
	author={Blumofe, Robert D and Leiserson, Charles E},
	journal={Journal of the ACM (JACM)},
	volume={46},
	number={5},
	pages={720--748},
	year={1999},
	publisher={ACM}
}

@inproceedings{mohammed2018experimental,
	title={Experimental verification and analysis of dynamic loop scheduling in scientific applications},
	author={Mohammed, Ali and Eleliemy, Ahmed and Ciorba, Florina M and Kasielke, Franziska and Banicescu, Ioana},
	booktitle={2018 17th International Symposium on Parallel and Distributed Computing (ISPDC)},
	pages={141--148},
	year={2018},
	organization={IEEE}
}

@inproceedings{whaley1998automatically,
	title={Automatically tuned linear algebra software},
	author={Whaley, R Clinton and Dongarra, Jack J},
	booktitle={SC'98: Proceedings of the 1998 ACM/IEEE conference on Supercomputing},
	pages={38--38},
	year={1998},
	organization={IEEE}
}

@article{bennett2015asynchronous,
	title={Asynchronous many-task runtime system analysis and assessment for next generation platforms},
	author={Bennett, J and Clay, R and Baker, G and Gamell, M and Hollman, D and Knight, S and Kolla, H and Sjaardema, G and Slattengren, N and Teranishi, K and others},
	journal={US Department of Energy, Sandia National Laboratories Report, Rep. no. SAND2015-8312},
	year={2015}
}

@inproceedings{germain2000uintah,
	title={Uintah: A massively parallel problem solving environment},
	author={Germain, J Davison de St and McCorquodale, John and Parker, Steven G and Johnson, Christopher R},
	booktitle={Proceedings the Ninth International Symposium on High-Performance Distributed Computing},
	pages={33--41},
	year={2000},
	organization={IEEE}
}

@inproceedings{wienke2012openacc,
	title={OpenACC—first experiences with real-world applications},
	author={Wienke, Sandra and Springer, Paul and Terboven, Christian and an Mey, Dieter},
	booktitle={European Conference on Parallel Processing},
	pages={859--870},
	year={2012},
	organization={Springer}
}

@article{nvidia2011nvidia,
	title={Nvidia cuda c programming guide},
	author={Nvidia, CUDA},
	journal={Nvidia Corporation},
	volume={120},
	number={18},
	pages={8},
	year={2011}
}

@inproceedings{munshi2009opencl,
	title={The opencl specification},
	author={Munshi, Aaftab},
	booktitle={2009 IEEE Hot Chips 21 Symposium (HCS)},
	pages={1--314},
	year={2009},
	organization={IEEE}
}

@book{reinders2007intel,
	title={Intel threading building blocks: outfitting C++ for multi-core processor parallelism},
	author={Reinders, James},
	year={2007},
	publisher={" O'Reilly Media, Inc."}
}

@article{mpi1994message,
	title={A message passing interface standard},
	author={Mpi, MPI},
	journal={International Journal of Supercomputer Applications},
	volume={8},
	number={3/4},
	pages={165--414},
	year={1994}
}

@article{dagum1998openmp,
	title={OpenMP: An industry-standard API for shared-memory programming},
	author={Dagum, Leonardo and Menon, Ramesh},
	journal={Computing in Science \& Engineering},
	number={1},
	pages={46--55},
	year={1998},
	publisher={IEEE}
}

@inproceedings{grubel2016using,
	title={Using intrinsic performance counters to assess efficiency in task-based parallel applications},
	author={Grubel, Patricia and Kaiser, Hartmut and Huck, Kevin and Cook, Jeanine},
	booktitle={2016 IEEE International Parallel and Distributed Processing Symposium Workshops (IPDPSW)},
	pages={1692--1701},
	year={2016},
	organization={IEEE}
}

@article{puschel2005spiral,
	title={SPIRAL: Code generation for DSP transforms},
	author={Puschel, Markus and Moura, Jos{\'e} MF and Johnson, Jeremy R and Padua, David and Veloso, Manuela M and Singer, Bryan W and Xiong, Jianxin and Franchetti, Franz and Gacic, Aca and Voronenko, Yevgen and others},
	journal={Proceedings of the IEEE},
	volume={93},
	number={2},
	pages={232--275},
	year={2005},
	publisher={IEEE}
}

@book{grama2003introduction,
	title={Introduction to parallel computing},
	author={Grama, Ananth and Kumar, Vipin and Gupta, Anshul and Karypis, George},
	year={2003},
	publisher={Pearson Education}
}

@inproceedings{aguilar2019line,
	title={An on-line performance introspection framework for task-based runtime systems},
	author={Aguilar, Xavier and Jordan, Herbert and Heller, Thomas and Hirsch, Alexander and Fahringer, Thomas and Laure, Erwin},
	booktitle={International Conference on Computational Science},
	pages={238--252},
	year={2019},
	organization={Springer}
}

@phdthesis{prell2016embracing,
	title={Embracing explicit communication in work-stealing runtime systems},
	author={Prell, Andreas},
	year={2016}
}

@inproceedings{thoman2013adaptive,
	title={Adaptive granularity control in task parallel programs using multiversioning},
	author={Thoman, Peter and Jordan, Herbert and Fahringer, Thomas},
	booktitle={European Conference on Parallel Processing},
	pages={164--177},
	year={2013},
	organization={Springer}
}

@article{tzannes2014lazy,
	title={Lazy scheduling: A runtime adaptive scheduler for declarative parallelism},
	author={Tzannes, Alexandros and Caragea, George C and Vishkin, Uzi and Barua, Rajeev},
	journal={ACM Transactions on Programming Languages and Systems (TOPLAS)},
	volume={36},
	number={3},
	pages={1--51},
	year={2014},
	publisher={ACM New York, NY, USA}
}

@inproceedings{moreira1995performance,
	title={The performance impact of granularity control and functional parallelism},
	author={Moreira, Jos{\'e} E and Schouten, Dale and Polychronopoulos, Constantine},
	booktitle={International Workshop on Languages and Compilers for Parallel Computing},
	pages={581--597},
	year={1995},
	organization={Springer}
}

@article{huck2015autonomic,
	title={An autonomic performance environment for exascale},
	author={Huck, Kevin A and Porterfield, Allan and Chaimov, Nick and Kaiser, Hartmut and Malony, Allen D and Sterling, Thomas and Fowler, Rob},
	journal={Supercomputing frontiers and innovations},
	volume={2},
	number={3},
	pages={49--66},
	year={2015}
}
@inproceedings{wagle2019runtime,
	title={Runtime adaptive task inlining on asynchronous multitasking runtime systems},
	author={Wagle, Bibek and Monil, Mohammad Alaul Haque and Huck, Kevin and Malony, Allen D and Serio, Adrian and Kaiser, Hartmut},
	booktitle={Proceedings of the 48th International Conference on Parallel Processing},
	pages={1--10},
	year={2019}
}

@inproceedings{robison2008optimization,
	title={Optimization via reflection on work stealing in TBB},
	author={Robison, Arch and Voss, Michael and Kukanov, Alexey},
	booktitle={2008 IEEE International Symposium on Parallel and Distributed Processing},
	pages={1--8},
	year={2008},
	organization={IEEE}
}